@article{Einstein1905,
  title={{\"U}ber einen die Erzeugung und Verwandlung des Lichtes betreffenden heuristischen Gesichtspunkt},
  author={Einstein, Albert},
  journal={Annalen der physik},
  volume={322},
  number={6},
  pages={132--148},
  year={1905},
  publisher={Wiley Online Library}
}

@book{Pauli1933,
  title={General principles of quantum mechanics},
  author={Pauli, Wolfgang},
  year={1980},
  publisher={Springer Science \& Business Media}
}


@Book{CohenT2,
  Title                    = {M\'{e}canique quantique 	II},
  Author                   = {Cohen-Tannoudji, C. and Diu, B. and Lalo{\"{e}}, F.},
  Publisher                = {Hermann},
  Year                     = {1973}
}

@article{WignerPR1955,
  title={Lower limit for the energy derivative of the scattering phase shift},
  issn={1536-6065},
  author={Wigner, {EP}},
  abstract={Abstract It is shown that the derivative of the scattering phase shift with respect to energy, d η {dE,} must exceed a certain limit if the interaction of scattered particle and scatterer vanishes beyond a certain distance. This limitation of d η {dE} is, fundamentally, a consequence of the },
  file={C:\Users\lbarreau\Documents\ReadCube Media\Wigner-1955-Physical Review.pdf},
  doi={10.1103/PhysRev.98.145},
  year={1955},
  journal={Phys. Rev.}
}

@article{SmithPR1960,
  title={Lifetime matrix in collision theory},
  issn={1536-6065},
  author={Smith, {FT}},
  abstract={Abstract The duration of a collision is usually a rather ill-defined concept, depending on a more or less arbitrary choice of a collision distance. If the collision lifetime is defined as the limit, as R→∞, of the difference between the time the particles spend within a distance R of each other and the time they would have spent there in the absence of the interaction, a well-defined quantity emerges which is finite as long as the interaction vanishes rapidly  ...},
  file={C:\Users\lbarreau\Documents\ReadCube Media\Smith-1960-Physical Review.pdf},
  doi={10.1103/PhysRev.118.349},
  year={1960},
  journal={Phys. Rev.}
}

@PhdThesis{Eisenbud,
  Title                    = {The formal properties of nuclear collisions},
  Author                   = {Leonard Eisenbud},
  School                   = {Princeton University},
  Year                     = {1948},
  Type                     = {Th{\`e}ses},
}

@Book{Friedrich,
  Title                    = {Theoretical Atomic Physics},
  Author                   = {Harald Friedrich},
  Publisher                = {Springer-Verlag},
  Year                     = {1991}
}

@Article{DahlstromJPB2012,
  Title                    = {Introduction to attosecond delays in photoionization},
  Author                   = {J. M. Dahlström and A. L’Huillier and A. Maquet},
  Journal                  = {Journal of Physics B : Atomic, Molecular and Optical Physics},
  Year                     = {2012},
  Number                   = {18},
  Pages                    = {183001},
  Volume                   = {45},
  URL                      = {http://stacks.iop.org/0953-4075/45/i=18/a=183001}
}

@article{ArgentiPRA2017,
  number={4},
  year={2017},
  volume={95},
  file={C:\Users\lbarreau\Documents\Articles en vrac\PhysRevA.95.043426.pdf},
  doi={10.1103/PhysRevA.95.043426},
  issn={2469-9926},
  journal={Phys. Rev. A},
  author={Argenti, L and Jim{\'e}nez-Gal{\'a}n, \'A and Caillat, J and Ta{\"i}eb, R and Maquet, A and Mart{\'i}n, F},
  title={Control of photoemission delay in resonant two-photon transitions}
}

@Book{Newton,
  Title                    = {Scattering Theory of Waves and Particles},
  Author                   = {Roger G. Newton},
  Publisher                = {Springer Science+Business Media New York},
  Year                     = {1982}
}

@Book{LandauLifshitz,
  Title                    = {Quantum Mechanics : Nonrelativistic Theory, 3rd edition},
  Author                   = {Lev Landau and Evguéni Lifshitz},
  Publisher                = {Pergamon},
  Year                     = {1965}
}

@article{FanoPRA1985,
  title = {Propensity rules: An analytical approach},
  author = {Fano, U.},
  journal = {Phys. Rev. A},
  volume = {32},
  issue = {1},
  pages = {617--618},
  numpages = {0},
  year = {1985},
  month = {Jul},
  publisher = {American Physical Society},
  doi = {10.1103/PhysRevA.32.617},
  url = {https://link.aps.org/doi/10.1103/PhysRevA.32.617}
}

@article{GuenotPRA2012,
  title = {Photoemission-time-delay measurements and calculations close to the 3$s$-ionization-cross-section minimum in Argon},
  author = {Gu\'enot, D. and Kl\"under, K. and Arnold, C. L. and Kroon, D. and Dahlstr\"om, J. M. and Miranda, M. and Fordell, T. and Gisselbrecht, M. and Johnsson, P. and Mauritsson, J. and Lindroth, E. and Maquet, A. and Ta\"{\i}eb, R. and L'Huillier, A. and Kheifets, A. S.},
  journal = {Phys. Rev. A},
  volume = {85},
  issue = {5},
  pages = {053424},
  numpages = {8},
  year = {2012},
  month = {May},
  publisher = {American Physical Society},
  doi = {10.1103/PhysRevA.85.053424},
  url = {https://link.aps.org/doi/10.1103/PhysRevA.85.053424}
}

@article{GaillacPRA2016,
  title = {Attosecond photoemission dynamics encoded in real-valued continuum wave functions},
  author = {Gaillac, Romain and Vacher, Morgane and Maquet, Alfred and Ta\"{\i}eb, Richard and Caillat, J\'er\'emie},
  journal = {Phys. Rev. A},
  volume = {93},
  issue = {1},
  pages = {013410},
  numpages = {6},
  year = {2016},
  month = {Jan},
  publisher = {American Physical Society},
  doi = {10.1103/PhysRevA.93.013410},
  url = {https://link.aps.org/doi/10.1103/PhysRevA.93.013410}
}

@article{GoulielmakisScience2004,
  author={Goulielmakis, E and Uiberacker, M and Kienberger, R and Baltuska, A and Yakovlev, V and Scrinzi, A and Westerwalbesloh, Th. and Kleineberg, U and Heinzmann, U and Drescher, M and Krausz, F},
  journal={Science},
  pages={1267},
  year={2004},
  title={Direct Measurement of Light Waves},
  volume={305}
}

@article{PaulScience2001,
	author = {Paul, P. M. and Toma, E. S. and Breger, P. and Mullot, G. and Aug{\'e}, F. and Balcou, Ph. and Muller, H. G. and Agostini, P.},
	title = {Observation of a Train of Attosecond Pulses from High Harmonic Generation},
	volume = {292},
	number = {5522},
	pages = {1689--1692},
	year = {2001},
	doi = {10.1126/science.1059413},
	publisher = {American Association for the Advancement of Science},
	issn = {0036-8075},
	URL = {http://science.sciencemag.org/content/292/5522/1689},
	eprint = {http://science.sciencemag.org/content/292/5522/1689.full.pdf},
	journal = {Science}
}


@article{VeniardPRL1995,
  author={V{\'e}niard, V and Ta{\"i}eb, R and Maquet, A},
  journal={Phys. Rev. Lett.},
  pages={4161},
  year={1995},
  title={{Two-Color} Multiphoton Ionization of Atoms Using {High-Order} Harmonic Radiation},
  volume={74}
}

@article{DahlstromChemPhys2013,
  title={Theory of attosecond delays in laser-assisted photoionization},
  author={Dahlstr{\"o}m, J Marcus and Gu{\'e}not, Diego and Kl{\"u}nder, Kathrin and Gisselbrecht, Matthieu and Mauritsson, Johan and L’Huillier, Anne and Maquet, Alfred and Ta{\"\i}eb, Richard},
  journal={Chemical Physics},
  volume={414},
  pages={53--64},
  year={2013},
  publisher={Elsevier}
}

@article {SchultzeScience2010,
	author = {Schultze, M. and Fie{\ss}, M. and Karpowicz, N. and Gagnon, J. and Korbman, M. and Hofstetter, M. and Neppl, S. and Cavalieri, A. L. and Komninos, Y. and Mercouris, Th. and Nicolaides, C. A. and Pazourek, R. and Nagele, S. and Feist, J. and Burgd{\"o}rfer, J. and Azzeer, A. M. and Ernstorfer, R. and Kienberger, R. and Kleineberg, U. and Goulielmakis, E. and Krausz, F. and Yakovlev, V. S.},
	title = {Delay in Photoemission},
	volume = {328},
	number = {5986},
	pages = {1658--1662},
	year = {2010},
	doi = {10.1126/science.1189401},
	publisher = {American Association for the Advancement of Science},
	abstract = {Photoemission from atoms is assumed to occur instantly in response to incident radiation and provides the basis for setting the zero of time in clocking atomic-scale electron motion. We used attosecond metrology to reveal a delay of 21{\textpm}5 attoseconds in the emission of electrons liberated from the 2p orbitals of neon atoms with respect to those released from the 2s orbital by the same 100{\textendash}electron volt light pulse. Small differences in the timing of photoemission from different quantum states provide a probe for modeling many-electron dynamics. Theoretical models refined with the help of attosecond timing metrology may provide insight into electron correlations and allow the setting of the zero of time in atomic-scale chronoscopy with a precision of a few attoseconds.},
	issn = {0036-8075},
	URL = {http://science.sciencemag.org/content/328/5986/1658},
	eprint = {http://science.sciencemag.org/content/328/5986/1658.full.pdf},
	journal = {Science}
}

@article{KienbergerScience2004,
  year={2004},
  issn={0028-0836},
  doi={10.1038/nature02277},
  number={6977},
  pmid={14985755},
  volume={427},
  pages={817-821},
  journal={Nature},
  author={Kienberger, R and Goulielmakis, E and Uiberacker, M and Baltuska, A and Yakovlev, V and Bammer, F and Scrinzi, A and Westerwalbesloh, Th. and Kleineberg, U and Heinzmann, U and Drescher, M and Krausz, F},
  title={Atomic transient recorder}
}

@article{MoorePRA2011,
  title = {Time delay between photoemission from the $2p$ and $2s$ subshells of neon},
  author = {Moore, L. R. and Lysaght, M. A. and Parker, J. S. and van der Hart, H. W. and Taylor, K. T.},
  journal = {Phys. Rev. A},
  volume = {84},
  issue = {6},
  pages = {061404},
  numpages = {4},
  year = {2011},
  month = {Dec},
  publisher = {American Physical Society},
  doi = {10.1103/PhysRevA.84.061404},
  url = {https://link.aps.org/doi/10.1103/PhysRevA.84.061404}
}

@article{DahlstromPRA2012,
  title = {Diagrammatic approach to attosecond delays in photoionization},
  author = {Dahlstr\"om, J. M. and Carette, T. and Lindroth, E.},
  journal = {Phys. Rev. A},
  volume = {86},
  issue = {6},
  pages = {061402},
  numpages = {4},
  year = {2012},
  month = {Dec},
  publisher = {American Physical Society},
  doi = {10.1103/PhysRevA.86.061402},
  url = {https://link.aps.org/doi/10.1103/PhysRevA.86.061402}
}

@article{KlunderPRL2011,
  title = {Probing Single-Photon Ionization on the Attosecond Time Scale},
  author = {Kl\"under, K. and Dahlstr\"om, J. M. and Gisselbrecht, M. and Fordell, T. and Swoboda, M. and Gu\'enot, D. and Johnsson, P. and Caillat, J. and Mauritsson, J. and Maquet, A. and Ta\"{\i}eb, R. and L'Huillier, A.},
  journal = {Phys. Rev. Lett.},
  volume = {106},
  issue = {14},
  pages = {143002},
  numpages = {4},
  year = {2011},
  month = {Apr},
  publisher = {American Physical Society},
  doi = {10.1103/PhysRevLett.106.143002},
  url = {https://link.aps.org/doi/10.1103/PhysRevLett.106.143002}
}

@article{CooperPR1962,
  title = {Photoionization from Outer Atomic Subshells. A Model Study},
  author = {Cooper, John W.},
  journal = {Phys. Rev.},
  volume = {128},
  issue = {2},
  pages = {681--693},
  numpages = {0},
  year = {1962},
  month = {Oct},
  publisher = {American Physical Society},
  doi = {10.1103/PhysRev.128.681},
  url = {https://link.aps.org/doi/10.1103/PhysRev.128.681}
}

@article{SamsonJESRP2002,
title = {Precision measurements of the total photoionization cross-sections of Helium, Neon, Argon, Krypton, and Xenon},
journal = {Journal of Electron Spectroscopy and Related Phenomena},
volume = {123},
number = {2–3},
pages = {265 - 276},
year = {2002},
note = {Determination of cross-sections and momentum profiles of atoms, molecules and condensed matter},
issn = {0368-2048},
doi = {https://doi.org/10.1016/S0368-2048(02)00026-9},
url = {http://www.sciencedirect.com/science/article/pii/S0368204802000269},
author = {J.A.R. Samson and W.C. Stolte},
}

@article{DahlstromJPB2014,
  doi={10.1088/0953-4075/47/12/124012},
  journal={Journal of Physics B: Atomic, Molecular and Optical Physics},
  issn={0953-4075},
  author={Dahlstr{\"o}m, {JM} and Lindroth, E},
  file={C:\Users\lbarreau\Documents\ReadCube Media\Dahlstrm et al-2014-J Phys B Atomic Mol Opt Phys.pdf},
  volume={47},
  number={12},
  year={2014},
  pages={124012},
  title={Study of attosecond delays using perturbation diagrams and exterior complex scaling}
}

@article{GuenotJPB2014,
  author={D Gu\'enot and D Kroon and E Balogh and E W Larsen and M Kotur and M Miranda and T Fordell and P Johnsson and J Mauritsson and M
Gisselbrecht and K Varju and C L Arnold and T Carette and A S Kheifets and E Lindroth and A L'Huillier and J M Dahlström},
  title={Measurements of relative photoemission time delays in noble gas atoms},
  journal={Journal of Physics B: Atomic, Molecular and Optical Physics},
  volume={47},
  number={24},
  pages={245602},
  url={http://stacks.iop.org/0953-4075/47/i=24/a=245602},
  year={2014},
}

@article{KheifetsPRA2013,
  title = {Time delay in valence-shell photoionization of noble-gas atoms},
  author = {Kheifets, A. S.},
  journal = {Phys. Rev. A},
  volume = {87},
  issue = {6},
  pages = {063404},
  numpages = {9},
  year = {2013},
  month = {Jun},
  publisher = {American Physical Society},
  doi = {10.1103/PhysRevA.87.063404},
  url = {https://link.aps.org/doi/10.1103/PhysRevA.87.063404}
}

@article{CarettePRA2013,
  title = {Multiconfigurational Hartree-Fock close-coupling ansatz: Application to the argon photoionization cross section and delays},
  author = {Carette, T. and Dahlstr\"om, J. M. and Argenti, L. and Lindroth, E.},
  journal = {Phys. Rev. A},
  volume = {87},
  issue = {2},
  pages = {023420},
  numpages = {13},
  year = {2013},
  month = {Feb},
  publisher = {American Physical Society},
  doi = {10.1103/PhysRevA.87.023420},
  url = {https://link.aps.org/doi/10.1103/PhysRevA.87.023420}
}


@article{JordanPRA2017,
  doi={10.1103/PhysRevA.95.013404},
  journal={Phys. Rev. A},
  issn={2469-9926},
  author={Jordan, I and Huppert, M and Pabst, S and Kheifets, A and Baykusheva, D and W{\"o}rner, H},
  file={C:\Users\lbarreau\Desktop\Lou\Lund\PRA_2017_Spin Orbit delays in photoemission.pdf},
  volume={95},
  number={1},
  year={2017},
  title={Spin-orbit delays in photoemission}
}

@article{SwobodaPRL2010,
  doi={10.1103/PhysRevLett.104.103003},
  journal={Phys. Rev. Lett.},
  issn={1079-7114},
  author={Swoboda, M. and Fordell, T. and Kl{\"u}nder, K. and Dahlstr{\"o}m, J. and Miranda, M. and Buth, C. and Schafer, K. and Mauritsson, J. and {L’Huillier,} A. and Gisselbrecht, M.},
  pmid={20366419},
  file={C:\Users\lbarreau\Desktop\Lou\HHG OPA\Biblio r{\'e}sonances\PRL_Swoboda_2010_Phase measurement of resonant 2photon PI in Helium.pdf;C:\Users\lbarreau\Desktop\Lou\HHG OPA\Fevrier 2015 He\He\Biblio r{\'e}sonances\PRL_Swoboda_2010_Phase measurement of resonant 2photon PI in Helium.pdf},
  volume={104},
  number={10},
  year={2010},
  pages={103003},
  title={Phase Measurement of Resonant {Two-Photon} Ionization in Helium}
}

@article{HaesslerPRA2009,
  doi={10.1103/PhysRevA.80.011404},
  journal={Phys. Rev. A},
  issn={1050-2947},
  author={Haessler, S and Fabre, B and Higuet, J and Caillat, J and Ruchon, T and Breger, P and Carr{\'e}, B and Constant, E and Maquet, A and M{\'e}vel, E and Sali{\`e}res, P and Ta{\"i}eb, R and Mairesse, Y},
  file={C:\Users\lbarreau\Desktop\Lou\HHG OPA\Biblio r{\'e}sonances\PRA_Haessler_2009_Phase resolved attosecond PI of N2.pdf},
  volume={80},
  number={1},
  year={2009},
  title={Phase-resolved attosecond near-threshold photoionization of molecular nitrogen}
}

@article{RaoultJPB1983,
  doi={10.1088/0022-3700/16/24/016},
  journal={Journal of Physics B: Atomic, Molecular and Optical Physics},
  issn={0022-3700},
  author={Raoult, M and Le Rouzo, H and Raseev, G and Lefebvre-Brion, H},
  file={C:\Users\lbarreau\Desktop\Lou\Articles en vrac\JPB_Raoult_1983_HopfieldSeriesN2.pdf;C:\Users\lbarreau\Documents\ReadCube Media\Raoult et al-1983-Journal of Physics B.pdf},
  year={1983},
  title={Ab initio approach to the multichannel quantum defect calculation of the electronic autoionisation in the Hopfield series of N2}
}

@article{CaillatPRL2011,
  doi={10.1103/PhysRevLett.106.093002},
  journal={Phys. Rev. Lett.},
  issn={0031-9007},
  author={Caillat, J{\'e}r{\'e}mie and Maquet, Alfred and Haessler, Stefan and Fabre, Baptiste and Ruchon, Thierry and Sali{\`e}res, Pascal and Mairesse, Yann and Ta{\"i}eb, Richard},
  pmid={21405620},
  file={C:\Users\lbarreau\Desktop\Lou\HHG OPA\Biblio r{\'e}sonances\PRL_Caillat_2011_As resolved electron release in N2.pdf},
  volume={106},
  number={9},
  year={2011},
  title={Attosecond Resolved Electron Release in {Two-Color} {Near-Threshold} Photoionization {ofN2}}
}

@article{KoturNatComm2016,
  doi={10.1038/ncomms10566},
  journal={Nat. Commun.},
  issn={2041-1733},
  pmcid={{PMC4759632}},
  author={Kotur, M and Gu{\'e}not, D and Jim{\'e}nez-Gal{\'a}n, {\'A} and Kroon, D and Larsen, {EW} and Louisy, M and Bengtsson, S and Miranda, M and Mauritsson, J and Arnold, {CL} and Canton, {SE} and Gisselbrecht, M and Carette, T and Dahlstr{\"o}m, {JM} and Lindroth, E and Maquet, A and Argenti, L and Mart{\'i}n, F and L’Huillier, A},
  pmid={26887682},
  file={C:\Users\lbarreau\Desktop\Lou\Articles en vrac\NatureComm_2016_Kotur_Argon.pdf},
  volume={7},
  year={2016},
  pages={10566},
  title={Spectral phase measurement of a Fano resonance using tunable attosecond pulses}
}

@article{ClarkNature2001,
  author = {Clark, Charles W.},
  year = {2001},
  title = {Obituary: Ugo Fano (1912–2001)},
  journal = {Nature},
  publisher = {Nature Publishing Group},
  issn = {0028-0836},
  doi = {10.1038/35065786},
  url = {http:https://dx.doi.org/10.1038/35065786},
  volume = {410},
  month = {3},
  pages = {164--164},
  number = {6825},
}

@Article{Beutler1935,
author={Beutler, H.},
title={\"Uber Absorptionsserien von Argon, Krypton und Xenon zu Termen zwischen den beiden Ionisierungsgrenzen $^2P_{3}^{2/0}$ und $^2P_{1}^{2/0}$},
journal={Zeitschrift f{\"u}r Physik},
year={1935},
volume={93},
number={3},
pages={177--196},
issn={0044-3328},
doi={10.1007/BF01365116},
url={http://dx.doi.org/10.1007/BF01365116}
}

@article{MaddenCodling1965,
   author = {Madden, R. P. and Codling, K.},
    title = {Two-Electron Excitation States in Helium},
  journal = {Astrophysical Journal},
     year = 1965,
    month = feb,
   volume = 141,
    pages = {364},
      doi = {10.1086/148132},
   adsurl = {http://adsabs.harvard.edu/abs/1965ApJ...141..364M},
  adsnote = {Provided by the SAO/NASA Astrophysics Data System}
}

@Article{Fano1935,
author="Fano, Ugo",
title="Sullo spettro di assorbimento dei gas nobili presso il limite dello spettro d'arco",
journal="Il Nuovo Cimento (1924-1942)",
year="1935",
volume="12",
number="3",
pages="154--161",
issn="1827-6121",
doi="10.1007/BF02958288",
url="http://dx.doi.org/10.1007/BF02958288"
}

@article{MiroshnichenkoRevModPhys2010,
  journal={Reviews of Modern Physics},
  author={Miroshnichenko, {AE} and Flach, S and Kivshar, {YS}},
  file={C:\Users\lbarreau\Documents\ReadCube Media\Miroshnichenko et al-2010-Reviews of Modern Physics.pdf},
  year={2010},
  title={Fano resonances in nanoscale structures}
}

@article{FanoPR1961,
  doi={10.1103/PhysRev.124.1866},
  journal={Phys. Rev.},
  issn={{0031-899X}},
  author={Fano, U},
  file={C:\Users\lbarreau\Desktop\Lou\HHG OPA\Biblio r{\'e}sonances\PR_Fano_1961_Effects of configuration interaction on intensities and phase shifts.pdf;C:\Users\lbarreau\Desktop\Lou\Lund\Preparation\PR_Fano_1961_Effects of configuration interaction on intensities and phase shifts.pdf},
  volume={124},
  number={6},
  year={1961},
  pages={1866-1878},
  title={Effects of Configuration Interaction on Intensities and Phase Shifts}
}

@article{Maquet2015,
  author={Maquet, Alfred},
  title={Notes sur Fano Phys. Rev. 124, 1866 (1961)},
  year={2015},
  journal={Communication Privée}
}

@article{DomkePRA1996,
  journal={Phys. Rev. A},
  abstract={Abstract We describe extensive results on the 1 P o double-excitation resonances of He below the N= 2–9 ionization thresholds obtained recently by high-resolution photoionization measurements using synchrotron radiation from the {SX700/II} monochromator at the Berliner Elektronenspeicherring f{\"u}r Synchrotronstrahlung {(BESSY).} The resonance energies, linewidths, Fano-q parameters, and quantum defects of the various Rydberg resonances,  ...},
  author={Domke, M and Schulz, K and Remmers, G and Kaindl, G and Wintgen, D},
  file={C:\Users\lbarreau\Desktop\Lou\HHG OPA\Biblio r{\'e}sonances\DomkePRA1996.pdf},
  year={1996},
  title={High-resolution study of 1 P o double-excitation states in helium}
}

  	
@article{BerrahJPB1996,
  author={N Berrah and B Langer and J Bozek and T W Gorczyca and O Hemmers and D W Lindle and O Toader},
  title={Angular-distribution parameters and R -matrix calculations of Ar resonances},
  journal={Journal of Physics B: Atomic, Molecular and Optical Physics},
  volume={29},
  number={22},
  pages={5351},
  url={http://stacks.iop.org/0953-4075/29/i=22/a=013},
  year={1996}
}

@article{CodlingPRA1967,
  title = {Resonances in the Photo-Ionization Continuum of Ne I (20-150 eV)},
  author = {Codling, K. and Madden, R. P. and Ederer, D. L.},
  journal = {Phys. Rev.},
  volume = {155},
  issue = {1},
  pages = {26--37},
  numpages = {0},
  year = {1967},
  month = {Mar},
  publisher = {American Physical Society},
  doi = {10.1103/PhysRev.155.26},
  url = {https://link.aps.org/doi/10.1103/PhysRev.155.26}
}

@article{SchulzPRA1996,
  journal={Phys. Rev. A},
  issn={1050-2947},
  author={Schulz and Domke and P{\"u}ttner and Guti{\'e}rrez and Kaindl and Miecznik and Greene, {CH}},
  file={C:\Users\lbarreau\Desktop\Lou\OSU Aout\N2\SchulzPRA1996_Ne.pdf},
  volume={54},
  number={4},
  year={1996},
  pages={3095-3112},
  title={High-resolution experimental and theoretical study of singly and doubly excited resonances in ground-state photoionization of neon.}
}

@article{DrescherNature2002,
  journal={Nature},
  author={Drescher, M and Hentschel, M and Kienberger, R and Uiberacker, M and Yakovlev, V and Scrinzi, A and Westerwalbesloh, Th. and Kleineberg, U and Heinzmann, U and Krausz, F},
  volume={419},
  year={2002},
  pages={803},
  title={Time-resolved atomic inner-shell spectroscopy}
}

@article{ZhaoPRA2005,
  doi={10.1103/PhysRevA.71.060702},
  journal={Phys. Rev. A},
  issn={1050-2947},
  author={Zhao, Z and Lin, C},
  file={C:\Users\lbarreau\Desktop\Lou\HHG OPA\Biblio r{\'e}sonances\Intro\Theory of laser assisted autoionization by as light pulses_PRA2005.pdf},
  volume={71},
  number={6},
  year={2005},
  title={Theory of laser-assisted autoionization by attosecond light pulses}
}

@article{GilbertsonPRL2010,
  doi={10.1103/PhysRevLett.105.263003},
  journal={Phys. Rev. Lett.},
  issn={0031-9007},
  author={Gilbertson, Steve and Chini, Michael and Feng, Ximao and Khan, Sabih and Wu, Yi and Chang, Zenghu},
  pmid={21231653},
  file={C:\Users\lbarreau\Desktop\Lou\HHG OPA\Biblio r{\'e}sonances\PRL_Gilbertson_2010_Monitoring and controlling the e dynamics in helium with as pulses.pdf;C:\Users\lbarreau\Desktop\Lou\HHG OPA\Fevrier 2015 He\He\Biblio r{\'e}sonances\PRL_Gilbertson_2010_Monitoring and controlling the e dynamics in helium with as pulses.pdf},
  volume={105},
  number={26},
  year={2010},
  title={Monitoring and Controlling the Electron Dynamics in Helium with Isolated Attosecond Pulses}
}

@article{WangPRL2010,
  doi={10.1103/PhysRevLett.105.143002},
  journal={Phys. Rev. Lett.},
  issn={0031-9007},
  author={Wang, He and Chini, Michael and Chen, Shouyuan and Zhang, {Chang-Hua} and He, Feng and Cheng, Yan and Wu, Yi and Thumm, Uwe and Chang, Zenghu},
  pmid={21230828},
  file={C:\Users\lbarreau\Desktop\Lou\HHG OPA\Biblio r{\'e}sonances\PRL_Wang_2010_As time-resolved autoionization of argon.pdf},
  volume={105},
  number={14},
  year={2010},
  title={Attosecond Time-Resolved Autoionization of Argon}
}

@article{WickenhauserPRL2005,
  doi={10.1103/PhysRevLett.94.023002},
  journal={Phys. Rev. Lett.},
  issn={0031-9007},
  author={Wickenhauser, Marlene and Burgd{\"o}rfer, Joachim and Krausz, Ferenc and Drescher, Markus},
  pmid={15698169},
  file={C:\Users\lbarreau\Desktop\Lou\HHG OPA\Biblio r{\'e}sonances\PRL_Wickenhauser_2005_Fano Resonances.pdf;C:\Users\lbarreau\Desktop\Lou\HHG OPA\Biblio r{\'e}sonances\Intro\WickenhauserPRL2005.pdf},
  volume={94},
  number={2},
  year={2005},
  title={Time Resolved Fano Resonances}
}

@article{JimenezGalanPRA2016,
  doi={10.1103/PhysRevA.93.023429},
  journal={Phys. Rev. A},
  issn={2469-9926},
  author={Jim{\'e}nez-Gal{\'a}n, {\'A}lvaro and Mart{\'i}n, Fernando and Argenti, Luca},
  file={C:\Users\lbarreau\Desktop\Lou\HHG OPA\Biblio r{\'e}sonances\PhysRevA.93.023429.pdf},
  volume={93},
  number={2},
  year={2016},
  title={Two-photon finite-pulse model for resonant transitions in attosecond experiments}
}

@article{JimenezGalanPRL2014,
title = {Modulation of Attosecond Beating in Resonant Two-Photon Ionization},
  author = {Jim\'enez-Gal\'an, \'Alvaro and Argenti, Luca and Mart\'{\i}n, Fernando},
  journal = {Phys. Rev. Lett.},
  volume = {113},
  issue = {26},
  pages = {263001},
  numpages = {6},
  year = {2014},
  month = {Dec},
  publisher = {American Physical Society},
  doi = {10.1103/PhysRevLett.113.263001},
  url = {https://link.aps.org/doi/10.1103/PhysRevLett.113.263001}
}

@article {MairesseScience2003,
	author = {Mairesse, Y. and de Bohan, A. and Frasinski, L. J. and Merdji, H. and Dinu, L. C. and Monchicourt, P. and Breger, P. and Kova{\v c}ev, M. and Ta{\"\i}eb, R. and Carr{\'e}, B. and Muller, H. G. and Agostini, P. and Sali{\`e}res, P.},
	title = {Attosecond Synchronization of High-Harmonic Soft X-rays},
	volume = {302},
	number = {5650},
	pages = {1540--1543},
	year = {2003},
	doi = {10.1126/science.1090277},
	publisher = {American Association for the Advancement of Science},
	issn = {0036-8075},
	URL = {http://science.sciencemag.org/content/302/5650/1540},
	eprint = {http://science.sciencemag.org/content/302/5650/1540.full.pdf},
	journal = {Science}
}


@article{WeberRSI2015,
author = {S. J. Weber and B. Manschwetus and M. Billon and M. Böttcher and M. Bougeard and P. Breger and M. Géléoc and V. Gruson and A. Huetz and N. Lin and Y. J. Picard and T. Ruchon and P. Salières and B. Carré},
title = {Flexible attosecond beamline for high harmonic spectroscopy and XUV/near-IR pump probe experiments requiring long acquisition times},
journal = {Review of Scientific Instruments},
volume = {86},
number = {3},
pages = {033108},
year = {2015},
doi = {10.1063/1.4914464},
URL = {http://dx.doi.org/10.1063/1.4914464},
eprint = {http://dx.doi.org/10.1063/1.4914464}
}

@PHDTHESIS{TheseGruson,
url = "http://www.theses.fr/2015SACLS227",
title = "Polarimétrie Harmonique et Spectroscopie de Photoionisation Attoseconde",
author = "Gruson, Vincent",
year = "2015",
note = "Thèse de doctorat dirigée par Salières, Pascal. Spécialité Lasers, molécules, rayonnement atmosphérique",
school = "Université Paris Saclay"
}

@PHDTHESIS{TheseChirla,
title = "Attosecond Pulse Generation and Characterization",
author = "Chirla, Razvan",
year = "2011",
note = "Thèse de doctorat dirigée par Louis F. Di Mauro",
school = "The Ohio State University"
}

@article{SchounPRL2014,
  title = {Attosecond Pulse Shaping around a Cooper Minimum},
  author = {Schoun, S. B. and Chirla, R. and Wheeler, J. and Roedig, C. and Agostini, P. and DiMauro, L. F. and Schafer, K. J. and Gaarde, M. B.},
  journal = {Phys. Rev. Lett.},
  volume = {112},
  issue = {15},
  pages = {153001},
  numpages = {5},
  year = {2014},
  month = {Apr},
  publisher = {American Physical Society},
  doi = {10.1103/PhysRevLett.112.153001},
  url = {https://link.aps.org/doi/10.1103/PhysRevLett.112.153001}
}

@article{MaquetJMO2007,
  journal={Journal of Modern Optics},
  issn={0950-0340},
  author={Maquet, Alfred and Ta{\"i}eb, Richard},
  volume={54},
  number={13},
  year={2007},
  pages={1847–1857},
  title={Two-colour {IR+XUV} spectroscopies: the soft-photon approximation}
}

@book{IUPAC,
  title={Compendium of Chemical Terminology, 2nd ed. (the "Gold Book")},
  author={A. D. McNaught and A. Wilkinson},
  year={1997},
  publisher={Blackwell Scientific Publications, Oxford},
  url = {http://goldbook.iupac.org/html/I/I03310.html},
  doi = {https://doi.org/10.1351/goldbook.I03310}
}

@article{CooperPRL1963,
  title = {Classification of Two-Electron Excitation Levels of Helium},
  author = {Cooper, J. W. and Fano, U. and Prats, F.},
  journal = {Phys. Rev. Lett.},
  volume = {10},
  issue = {12},
  pages = {518--521},
  numpages = {0},
  year = {1963},
  month = {Jun},
  publisher = {American Physical Society},
  doi = {10.1103/PhysRevLett.10.518},
  url = {https://link.aps.org/doi/10.1103/PhysRevLett.10.518}
}

@article {KaldunScience2016,
	author = {Kaldun, A. and Bl{\"a}ttermann, A. and Stoo{\ss}, V. and Donsa, S. and Wei, H. and Pazourek, R. and Nagele, S. and Ott, C. and Lin, C. D. and Burgd{\"o}rfer, J. and Pfeifer, T.},
	title = {Observing the ultrafast buildup of a Fano resonance in the time domain},
	volume = {354},
	number = {6313},
	pages = {738--741},
	year = {2016},
	doi = {10.1126/science.aah6972},
	publisher = {American Association for the Advancement of Science},
	issn = {0036-8075},
	URL = {http://science.sciencemag.org/content/354/6313/738},
	eprint = {http://science.sciencemag.org/content/354/6313/738.full.pdf},
	journal = {Science}
}

@article {GrusonScience2016,
	author = "Gruson, V. and Barreau, L. and Jim{\'e}nez-Galan, {\'A}. and Risoud, F. and Caillat, J. and Maquet, A. and Carr{\'e}, B. and Lepetit, F. and Hergott, J.-F. and Ruchon, T. and Argenti, L. and Ta{\"\i}eb, R. and Mart{\'\i}n, F. and Sali{\`e}res, P.",
	title = "Attosecond dynamics through a Fano resonance: Monitoring the birth of a photoelectron",
	volume = "354",
	number = "6313",
	pages = "734--738",
	year = "2016",
	doi = "10.1126/science.aah5188",
	publisher = "American Association for the Advancement of Science",
	issn = "0036-8075",
	URL = "http://science.sciencemag.org/content/354/6313/734",
	eprint = "http://science.sciencemag.org/content/354/6313/734.full.pdf",
	journal = "Science"
}

@PHDTHESIS{TheseKaldun,
title = "Fano Resonances in the Time Domain
 - understanding and controlling the absorption and
 emission of light",
author = "Kaldun, Andreas",
year = "2014",
note = "Thèse de doctorat dirigée par Thomas Pfeifer",
school = "University of Heidelberg",
url = "http://www.ub.uni-heidelberg.de/archiv/16775"
}

@article{ChuPRA2010,
  title = {Theory of ultrafast autoionization dynamics of Fano resonances},
  author = {Chu, W.-C. and Lin, C. D.},
  journal = {Phys. Rev. A},
  volume = {82},
  issue = {5},
  pages = {053415},
  numpages = {9},
  year = {2010},
  month = {Nov},
  publisher = {American Physical Society},
  doi = {10.1103/PhysRevA.82.053415},
  url = {https://link.aps.org/doi/10.1103/PhysRevA.82.053415}
}

@article {OttScience2013,
	author = {Ott, Christian and Kaldun, Andreas and Raith, Philipp and Meyer, Kristina and Laux, Martin and Evers, J{\"o}rg and Keitel, Christoph H. and Greene, Chris H. and Pfeifer, Thomas},
	title = {Lorentz Meets Fano in Spectral Line Shapes: A Universal Phase and Its Laser Control},
	volume = {340},
	number = {6133},
	pages = {716--720},
	year = {2013},
	doi = {10.1126/science.1234407},
	publisher = {American Association for the Advancement of Science},
	issn = {0036-8075},
	URL = {http://science.sciencemag.org/content/340/6133/716},
	eprint = {http://science.sciencemag.org/content/340/6133/716.full.pdf},
	journal = {Science}
}

@article{WehlitzPRA2003,
  title = {Resonance parameters of autoionizing Be $2pn\mathcal{l}$ states},
  author = {Wehlitz, R. and Luki\ifmmode \acute{c}\else \'{c}\fi{}, D. and Bluett, J. B.},
  journal = {Phys. Rev. A},
  volume = {68},
  issue = {5},
  pages = {052708},
  numpages = {5},
  year = {2003},
  month = {Nov},
  publisher = {American Physical Society},
  doi = {10.1103/PhysRevA.68.052708},
  url = {https://link.aps.org/doi/10.1103/PhysRevA.68.052708}
}

@article{BernhardtPRA2014,
  title = {High-spectral-resolution attosecond absorption spectroscopy of autoionization in xenon},
  author = {Bernhardt, Birgitta and Beck, Annelise R. and Li, Xuan and Warrick, Erika R. and Bell, M. Justine and Haxton, Daniel J. and McCurdy, C. William and Neumark, Daniel M. and Leone, Stephen R.},
  journal = {Phys. Rev. A},
  volume = {89},
  issue = {2},
  pages = {023408},
  numpages = {5},
  year = {2014},
  month = {Feb},
  publisher = {American Physical Society},
  doi = {10.1103/PhysRevA.89.023408},
  url = {https://link.aps.org/doi/10.1103/PhysRevA.89.023408}
}

@article{AutlerTownesPR1955,
  title={Stark effect in rapidly varying fields},
  author={Autler, Stanley H and Townes, Charles H},
  journal={Physical Review},
  volume={100},
  number={2},
  pages={703},
  year={1955},
  publisher={APS}
}

@article{ChenPRA2013,
  title = {Laser-imposed phase in resonant absorption of an isolated attosecond pulse},
  author = {Chen, Shaohao and Wu, Mengxi and Gaarde, Mette B. and Schafer, Kenneth J.},
  journal = {Phys. Rev. A},
  volume = {88},
  issue = {3},
  pages = {033409},
  numpages = {9},
  year = {2013},
  month = {Sep},
  publisher = {American Physical Society},
  doi = {10.1103/PhysRevA.88.033409},
  url = {https://link.aps.org/doi/10.1103/PhysRevA.88.033409}
}

@article{PabstPRA2012,
  title = {Theory of attosecond transient-absorption spectroscopy of krypton for overlapping pump and probe pulses},
  author = {Pabst, Stefan and Sytcheva, Arina and Moulet, Antoine and Wirth, Adrian and Goulielmakis, Eleftherios and Santra, Robin},
  journal = {Phys. Rev. A},
  volume = {86},
  issue = {6},
  pages = {063411},
  numpages = {13},
  year = {2012},
  month = {Dec},
  publisher = {American Physical Society},
  doi = {10.1103/PhysRevA.86.063411},
  url = {https://link.aps.org/doi/10.1103/PhysRevA.86.063411}
}

@article{ChuPRA2013,
  title = {Absorption and emission of single attosecond light pulses in an autoionizing gaseous medium dressed by a time-delayed control field},
  author = {Chu, Wei-Chun and Lin, C. D.},
  journal = {Phys. Rev. A},
  volume = {87},
  issue = {1},
  pages = {013415},
  numpages = {9},
  year = {2013},
  month = {Jan},
  publisher = {American Physical Society},
  doi = {10.1103/PhysRevA.87.013415},
  url = {https://link.aps.org/doi/10.1103/PhysRevA.87.013415}
}

@article{BeckCPL2015,
  year={2015},
  file={C:\Users\lbarreau\Documents\Articles en vrac\CPL2015_Beck_ATAS.pdf},
  doi={10.1016/j.cplett.2014.12.048},
  issn={0009-2614},
  journal={Chem Phys Lett},
  volume={624},
  author={Beck, Annelise and Neumark, Daniel and Leone, Stephen},
  pages={119-130},
  title={Probing ultrafast dynamics with attosecond transient absorption}
}

@article{LiaoPRA2016,
  title = {Attosecond transient absorption in dense gases: Exploring the interplay between resonant pulse propagation and laser-induced line-shape control},
  author = {Liao, Chen-Ting and Sandhu, Arvinder and Camp, Seth and Schafer, Kenneth J. and Gaarde, Mette B.},
  journal = {Phys. Rev. A},
  volume = {93},
  issue = {3},
  pages = {033405},
  numpages = {9},
  year = {2016},
  month = {Mar},
  publisher = {American Physical Society},
  doi = {10.1103/PhysRevA.93.033405},
  url = {https://link.aps.org/doi/10.1103/PhysRevA.93.033405}
}

@article{LiaoPRL2015,
  year={2015},
  file={C:\Users\lbarreau\Documents\ReadCube Media\Liao et al-2015-Phys Rev Lett.pdf},
  doi={10.1103/PhysRevLett.114.143002},
  number={14},
  pmid={25910116},
  issn={1079-7114},
  journal={Phys Rev Lett},
  volume={114},
  author={Liao, {Chen-Ting} and Sandhu, Arvinder and Camp, Seth and Schafer, Kenneth J and Gaarde, Mette B},
  pages={143002},
  title={Beyond the {Single-Atom} Response in Absorption Line Shapes: Probing a Dense, {Laser-Dressed} Helium Gas with Attosecond Pulse Trains}
}

@article{BeaulieuPRA2017,
  year={2017},
  file={C:\Users\lbarreau\Documents\Articles en vrac\PhysRevA.95.041401.pdf;C:\Users\lbarreau\Documents\ReadCube Media\Beaulieu et al-2017-Phys Rev A - supplement.pdf},
  doi={10.1103/PhysRevA.95.041401},
  number={4},
  issn={2469-9926},
  journal={Phys Rev A},
  volume={95},
  author={Beaulieu, S and Bloch, E and Barreau, L and Comby, A and Descamps, D and G{\'e}neaux, R and L{\'e}gar{\'e}, F and Petit, S and Mairesse, Y},
  title={Phase-resolved two-dimensional spectroscopy of electronic wave packets by laser-induced {XUV} free induction decay}
}

@article{WignerPR1932,
  title = {On the Quantum Correction For Thermodynamic Equilibrium},
  author = {Wigner, E.},
  journal = {Phys. Rev.},
  volume = {40},
  issue = {5},
  pages = {749--759},
  numpages = {0},
  year = {1932},
  month = {Jun},
  publisher = {American Physical Society},
  doi = {10.1103/PhysRev.40.749},
  url = {https://link.aps.org/doi/10.1103/PhysRev.40.749}
}

@article{Ville1948,
  title={Th{\'e}orie et applications de la notion de signal analytique},
  author={Ville, Jean},
  journal={Cables et transmission},
  volume={2},
  number={1},
  pages={61--74},
  year={1948}
}

@article{FleischhauerRevModPhys2005,
  title = {Electromagnetically induced transparency: Optics in coherent media},
  author = {Fleischhauer, Michael and Imamoglu, Atac and Marangos, Jonathan P.},
  journal = {Rev. Mod. Phys.},
  volume = {77},
  issue = {2},
  pages = {633--673},
  numpages = {0},
  year = {2005},
  month = {Jul},
  publisher = {American Physical Society},
  doi = {10.1103/RevModPhys.77.633},
  url = {https://link.aps.org/doi/10.1103/RevModPhys.77.633}
}

@article{SzymanowskiJModOpt1995,
author = { Carsten   Szymanowski  and  Christoph H.   Keitel  and  Bryan J.   Dalton  and  Peter L.   Knight },
title = {Switching Between Rayleigh-like and Lorentzian Lineshapes of the Dispersion in Driven Two-level Atoms},
journal = {Journal of Modern Optics},
volume = {42},
number = {5},
pages = {985-1003},
year = {1995},
doi = {10.1080/09500349514550891},
URL = { 
        http://dx.doi.org/10.1080/09500349514550891   
},
eprint = { 
        http://dx.doi.org/10.1080/09500349514550891   
}
}

@article{BudilPRA1993,
  pages={R3437},
  journal={Physical Review A},
  file={C:\Users\lbarreau\Documents\ReadCube Media\Untitled Article (2017-08-28T09-08-33Z).pdf},
  author={Budil, {KS} and Sali{\`e}res, P and {L'Huillier,} Anne and Ditmire, T and Perry, {MD}},
  volume={48},
  number={5},
  year={1993},
  title={Influence of ellipticity on harmonic generation}
}

@book{BornWolf,
  title={Principles of Optics (Sixth Edition)},
  author={Max Born and Emil Wolf},
  year={1980},
  publisher={Cambridge University Press}
}

@phdthesis{TheseGeneaux,
  TITLE = {Le moment angulaire de la lumière en génération d'harmoniques d'ordre élevé},
  AUTHOR = {G\'{e}neaux, Romain},
  URL = {https://tel.archives-ouvertes.fr/tel-01469506},
  NUMBER = {2016SACLS474},
  SCHOOL = {{Universit{\'e} Paris-Saclay}},
  YEAR = {2016},
  MONTH = Dec,
  KEYWORDS = {Attosecond ; Laser-Molecule Interaction ; Angular momentum ; Attoseconde ; Interaction laser-mol{\'e}cule ; Moment angulaire},
  TYPE = {Theses},
  PDF = {https://tel.archives-ouvertes.fr/tel-01469506/file/68302_GENEAUX_2016_diffusion.pdf},
  HAL_ID = {tel-01469506},
  HAL_VERSION = {v1},
  note = "Thèse de doctorat dirigée par Carré, Bertrand et Ruchon, Thierry. Spécialité Lasers, molécules, rayonnement atmosphérique"
}

@PHDTHESIS{TheseHiguet,
url = "http://www.theses.fr/2010BOR14078",
title = "Etudes structurelles et dynamiques de systèmes atomiques ou moléculaires par génération d'harmoniques d'ordre élevé",
author = "Higuet, Julien",
year = "2010",
note = "Thèse de doctorat dirigée par Mével, Eric. Spécialité Lasers, matière et nanosciences.",
school = "Université de Bordeaux"
}

@article{AntoinePRA1997,
  pages={1314–1324},
  doi={10.1103/PhysRevA.55.1314},
  journal={Phys. Rev. A},
  file={C:\Users\lbarreau\Documents\ReadCube Media\Antoine et al-1997-Phys Rev A.pdf},
  author={Antoine, Philippe and Carr{\'e}, Bertrand and L'Huillier, Anne and Leweinstein, Maciej},
  issn={1050-2947},
  volume={55},
  number={2},
  year={1997},
  title={Polarization of high-order harmonics}
}

@article{MairessePRL2010,
  title = {High Harmonic Spectroscopy of Multichannel Dynamics in Strong-Field Ionization},
  author = {Mairesse, Y. and Higuet, J. and Dudovich, N. and Shafir, D. and Fabre, B. and M\'evel, E. and Constant, E. and Patchkovskii, S. and Walters, Z. and Ivanov, M. Yu. and Smirnova, O.},
  journal = {Phys. Rev. Lett.},
  volume = {104},
  issue = {21},
  pages = {213601},
  numpages = {4},
  year = {2010},
  month = {May},
  publisher = {American Physical Society},
  doi = {10.1103/PhysRevLett.104.213601},
  url = {https://link.aps.org/doi/10.1103/PhysRevLett.104.213601}
}

@article{ZhouPRL2009,
  title = {Elliptically Polarized High-Order Harmonic Emission from Molecules in Linearly Polarized Laser Fields},
  author = {Zhou, Xibin and Lock, Robynne and Wagner, Nick and Li, Wen and Kapteyn, Henry C. and Murnane, Margaret M.},
  journal = {Phys. Rev. Lett.},
  volume = {102},
  issue = {7},
  pages = {073902},
  numpages = {4},
  year = {2009},
  month = {Feb},
  publisher = {American Physical Society},
  doi = {10.1103/PhysRevLett.102.073902},
  url = {https://link.aps.org/doi/10.1103/PhysRevLett.102.073902}
}

@article{RoscaPrunaPRL2001,
  title = {Experimental Observation of Revival Structures in Picosecond Laser-Induced Alignment of ${I}_{2}$},
  author = {Rosca-Pruna, F. and Vrakking, M. J. J.},
  journal = {Phys. Rev. Lett.},
  volume = {87},
  issue = {15},
  pages = {153902},
  numpages = {4},
  year = {2001},
  month = {Sep},
  publisher = {American Physical Society},
  doi = {10.1103/PhysRevLett.87.153902},
  url = {https://link.aps.org/doi/10.1103/PhysRevLett.87.153902}
}

@phdthesis{TheseCamper,
  TITLE = {{Multidimensionnal Phase Spectroscopy of the Attosecond Molecular Emission}},
  AUTHOR = {Camper, Antoine},
  URL = {https://tel.archives-ouvertes.fr/tel-01100464},
  NUMBER = {2014PA112024},
  SCHOOL = {{Universit{\'e} Paris Sud - Paris XI}},
  YEAR = {2014},
  MONTH = Jan,
  KEYWORDS = {Diffractive Optical Element ; RABITT ; Polarization ; Vibrationnal ; Rotationnal ; Attosecond ; Strong field ; Ultrafast dynamics ; Phase mask ; HIPSTER ; CHASSEUR ; MAMMOTH ; DABCO ; Transverse electromagnetic mode ; HHG ; XUV ; Dipole ; Multidimensional spectroscopy ; Transient grating ; R{\'e}seau transitoire ; Spectroscopie multidimensionnelle ; Dynamique ultra-rapide ; Champ fort ; Attoseconde ; Vibrationnel ; Rotationnel ; Polarisation ; RABBIT ; {\'E}l{\'e}ment optique de diffraction ; Masque de phase ; Mode {\'e}lectromagn{\'e}tique transverse},
  TYPE = {Theses},
  PDF = {https://tel.archives-ouvertes.fr/tel-01100464/file/VD2_CAMPER_ANTOINE_31012014.pdf},
  HAL_ID = {tel-01100464},
  HAL_VERSION = {v2},
}

@article{CryanPRA2009,
  title = {Field-free alignment in repetitively kicked nitrogen gas},
  author = {Cryan, James P. and Bucksbaum, Philip H. and Coffee, Ryan N.},
  journal = {Phys. Rev. A},
  volume = {80},
  issue = {6},
  pages = {063412},
  numpages = {5},
  year = {2009},
  month = {Dec},
  publisher = {American Physical Society},
  doi = {10.1103/PhysRevA.80.063412},
  url = {https://link.aps.org/doi/10.1103/PhysRevA.80.063412}
}

@article{LePRA2009,
  title = {Quantitative rescattering theory for high-order harmonic generation from molecules},
  author = {Le, Anh-Thu and Lucchese, R. R. and Tonzani, S. and Morishita, T. and Lin, C. D.},
  journal = {Phys. Rev. A},
  volume = {80},
  issue = {1},
  pages = {013401},
  numpages = {23},
  year = {2009},
  month = {Jul},
  publisher = {American Physical Society},
  doi = {10.1103/PhysRevA.80.013401},
  url = {https://link.aps.org/doi/10.1103/PhysRevA.80.013401}
}

@article{FerreNatPhot2015,
  title={A table-top ultrashort light source in the extreme ultraviolet for circular dichroism experiments},
  author={Ferr{\'e}, A and Handschin, C and Dumergue, M and Burgy, F and Comby, A and Descamps, D and Fabre, B and Garcia, GA and G{\'e}neaux, R and Merceron, L and Mével, E and Nahon, L and Petit, S and Pons, B and Staedter, D and Weber, S and Ruchon, R and Blanchet, V and Mairesse, Y},
  journal={Nature Photonics},
  volume={9},
  number={2},
  pages={93--98},
  year={2015},
  publisher={Nature Research}
}

@article{YangJElecSpec1998,
title = "Energy-dependent valence photoelectron spectra of SF6. Ab initio calculations and measurements",
journal = "Journal of Electron Spectroscopy and Related Phenomena",
volume = "94",
number = "1",
pages = "163 - 179",
year = "1998",
note = "",
issn = "0368-2048",
doi = "http://dx.doi.org/10.1016/S0368-2048(98)00085-1",
url = "http://www.sciencedirect.com/science/article/pii/S0368204898000851",
author = "Li Yang and Hans Ågren and Vincenzo Carravetta and Olav Vahtras and Leif Karlsson and Björn Wannberg and D.M.P Holland and M.A MacDonald",
keywords = "SF",
keywords = "Static exchange approximation",
keywords = "Valence photoelectron spectrum"
}

@article{FerreNatComm2015,
  title={Multi-channel electronic and vibrational dynamics in polyatomic resonant high-order harmonic generation},
  author={Ferr{\'e}, A and Boguslavskiy, AE and Dagan, M and Blanchet, Val{\'e}rie and Bruner, BD and Burgy, F and Camper, A and Descamps, D and Fabre, B and Fedorov, N and Gaudin, J and Geoffroy, J and Mikosch, J and Patchkovskii, S and Petit, S and Ruchon, T and Soifer, H and Staedter, D and Wilkinson, I and Stolow, A and Dudovich, N and Mairesse, Y},
  journal={Nature communications},
  volume={6},
  pages={ncomms6952},
  year={2015},
  publisher={Nature Publishing Group}
}

@article{VeyrinasFaraday2016,
  title={Molecular frame photoemission by a comb of elliptical high-order harmonics: a sensitive probe of both photodynamics and harmonic complete polarization state},
  author={Veyrinas, K and Gruson, V and Weber, SJ and Barreau, L and Ruchon, T and Hergott, J-F and Houver, J-C and Lucchese, RR and Sali{\`e}res, P and Dowek, D},
  journal={Faraday discussions},
  volume={194},
  pages={161--183},
  year={2016},
  publisher={The Royal Society of Chemistry}
}

@article{StohrJElecSpec1995,
  title={X-ray magnetic circular dichroism spectroscopy of transition metal thin films},
  author={St{\"o}hr, J},
  journal={Journal of Electron Spectroscopy and Related Phenomena},
  volume={75},
  pages={253--272},
  year={1995},
  publisher={Elsevier}
}

@article{EichmannPRA1995,
  year={1995},
  title={Polarization-dependent high-order two-color mixing},
  abstract={Abstract High-order frequency mixing experiments using the radiation of a high-power Ti: sapphire laser and its second harmonic are described and discussed. Linearly and circularly polarized light fields with comparable intensities have been used. For the theoretical description a three-dimensional quantum-mechanical calculation with a δ-function potential has been applied, showing quite good agreement with the experiments.},
  file={C:\Users\lbarreau\Desktop\Lou\2 couleurs\Biblio 2 couleurs\PRA_Eichmann_1995_Polarization-dependent.pdf},
  author={Eichmann, H and Egbert, A and Nolte, S and Momma, C},
  doi={10.1103/PhysRevA.51.R3414},
  journal={Physical Review A}
}

@article{MilosevicPRA2000_Generation,
  year={2000},
  title={Generation of circularly polarized high-order harmonics by two-color coplanar field mixing},
  abstract={Abstract An efficient method is investigated for the generation of circularly polarized high-order harmonics by a bichromatic laser field whose two components with frequencies ω and 2 ω are circularly polarized in the same plane, but rotate in opposite directions. The generation of intense harmonics by such a driving-field configuration was already confirmed by a previous experiment. With the help of both a semiclassical three-step model as well  ...},
  file={C:\Users\lbarreau\Desktop\Lou\2 couleurs\Biblio 2 couleurs\PRA_Milosevic_2000_Generation of circularly polarized high-order harmonics by two-color coplanar field mixing.pdf},
  author={Milo\v{s}evi\'{c}, {DB} and Becker, W and Kopold, R},
  journal={Physical Review A}
}

@article{MilosevicPRA2000_Unusual,
  year={2000},
  title={Attosecond pulse trains with unusual nonlinear polarization},
  abstract={Abstract The phases of the circularly polarized harmonics with alternating helicity generated by a bichromatic laser field whose two components are circularly polarized in the same plane but rotate in opposite directions are investigated. Only one trajectory contributes to harmonic generation in the plateau region. The dependence of the harmonic phase on the laser field intensity is weak (with the slope∼ 0. 2 U p/ω). Adjacent harmonics having the  ...},
  file={C:\Users\lbarreau\Desktop\Lou\2 couleurs\Biblio 2 couleurs\PRA_Milosevic_2000_Attosecond pulse trains with unusual nonlinear polarization.pdf},
  author={Milo\v{s}evi\'{c}, {DB} and Becker, W},
  doi={10.1103/PhysRevA.62.011403},
  journal={Physical Review A}
}

@article{KfirNatPhot2015,
  year={2015},
  issn={1749-4885},
  title={Generation of bright phase-matched circularly-polarized extreme ultraviolet high harmonics},
  file={C:\Users\lbarreau\Desktop\Lou\2 couleurs\Biblio 2 couleurs\Kfir et al. - 2014 - NATURE PHOTONICS.pdf;C:\Users\lbarreau\Downloads\Kfir et al. - 2014 - NATURE PHOTONICS.pdf},
  author={Kfir, Ofer and Grychtol, Patrik and Turgut, Emrah and Knut, Ronny and Zusin, Dmitriy and Popmintchev, Dimitar and Popmintchev, Tenio and Nembach, Hans and Shaw, Justin and Fleischer, Avner and Kapteyn, Henry and Murnane, Margaret and Cohen, Oren},
  doi={10.1038/nphoton.2014.293},
  volume={9},
  number={2},
  pages={99-105},
  journal={Nat Photonics}
}

@article{FleischerNatPhot2014,
  year={2014},
  issn={1749-4885},
  title={Spin angular momentum and tunable polarization in high-harmonic generation},
  file={C:\Users\lbarreau\Desktop\Lou\2 couleurs\Biblio 2 couleurs\nphoton.2014.108.pdf},
  author={Fleischer, Avner and Kfir, Ofer and Diskin, Tzvi and Sidorenko, Pavel and Cohen, Oren},
  doi={10.1038/nphoton.2014.108},
  volume={8},
  number={7},
  pages={543-549},
  journal={Nat Photonics}
}

@article{FanPNAS2015,
  year={2015},
  issn={0027-8424},
  title={Bright circularly polarized soft X-ray high harmonics for X-ray magnetic circular dichroism},
  file={C:\Users\lbarreau\Desktop\Lou\2 couleurs\Biblio 2 couleurs\PNAS-2015-Fan-Bright circularly polarized soft X-ray high harmonics for.pdf;C:\Users\lbarreau\Desktop\Lou\2 couleurs\Biblio 2 couleurs\PNAS_2015_Fan_SI.pdf},
  author={Fan, Tingting and Grychtol, Patrik and Knut, Ronny and {Hern{\'a}ndez-Garc{\'i}a,} Carlos and Hickstein, Daniel D and Zusin, Dmitriy and Gentry, Christian and Dollar, Franklin J and Mancuso, Christopher A and Hogle, Craig W and Kfir, Ofer and Legut, Dominik and Carva, Karel and Ellis, Jennifer L and Dorney, Kevin M and Chen, Cong and Shpyrko, Oleg G and Fullerton, Eric E and Cohen, Oren and Oppeneer, Peter M and Milo\v{s}evi{\'c}, Dejan B and Becker, Andreas and {Jaroń-Becker,} Agnieszka A and Popmintchev, Tenio and Murnane, Margaret M and Kapteyn, Henry C},
  doi={10.1073/pnas.1519666112},
  pmid={26534992},
  volume={112},
  number={46},
  pages={14206-14211},
  journal={PNAS}
}

@article{BaykushevaPRL2016,
  year={2016},
  issn={0031-9007},
  title={Bicircular {High-Harmonic} Spectroscopy Reveals Dynamical Symmetries of Atoms and Molecules},
  file={C:\Users\lbarreau\Desktop\Lou\2 couleurs\Biblio 2 couleurs\PRL_2016_Baykusheva_Bicircular High-Harmonic Spectroscopy Reveals Dynamical Symmetries.pdf;C:\Users\lbarreau\Documents\ReadCube Media\Baykusheva et al-2016-Phys Rev Lett - supplement.pdf},
  author={Baykusheva, Denitsa and Ahsan, Md and Lin, Nan and W{\"o}rner, Hans},
  doi={10.1103/PhysRevLett.116.123001},
  pmid={27058077},
  volume={116},
  number={12},
  journal={Phys Rev Lett}
}

@article{ReichPRL2016,
  year={2016},
  issn={0031-9007},
  title={Illuminating Molecular Symmetries with Bicircular {High-Order-Harmonic} Generation},
  file={C:\Users\lbarreau\Desktop\Lou\2 couleurs\Biblio 2 couleurs\PRL_2016_Reich_Illuminating Molecular Symmetries with Bicircular High-Order-Harmonic Generation.pdf},
  author={Reich, Daniel and Madsen, Lars},
  doi={10.1103/PhysRevLett.117.133902},
  volume={117},
  number={13},
  journal={Phys Rev Lett}
}

@article{EckartPRL2016,
  year={2016},
  issn={0031-9007},
  title={Nonsequential Double Ionization by Counterrotating Circularly Polarized {Two-Color} Laser Fields},
  file={C:\Users\lbarreau\Desktop\Lou\2 couleurs\Biblio 2 couleurs\PRL.117.133202_NSDI Ar w2w counter rotating_Dorner.pdf},
  author={Eckart, S and Richter, M and Kunitski, M and Hartung, A and Rist, J and Henrichs, K and Schlott, N and Kang, H and Bauer, T and Sann, H and Schmidt, L and Sch{\"o}ffler, M and Jahnke, T and D{\"o}rner, R},
  doi={10.1103/PhysRevLett.117.133202},
  volume={117},
  number={13},
  journal={Phys Rev Lett}
}

@article{MancusoPRL2016,
  year={2016},
  issn={0031-9007},
  title={Controlling Nonsequential Double Ionization in {Two-Color} Circularly Polarized Femtosecond Laser Fields},
  file={C:\Users\lbarreau\Desktop\Lou\2 couleurs\Biblio 2 couleurs\PRL.117.133201_NSDI Ar w2w counterrotating_KM.pdf},
  author={Mancuso, Christopher and Dorney, Kevin and Hickstein, Daniel and Chaloupka, Jan and Ellis, Jennifer and Dollar, Franklin and Knut, Ronny and Grychtol, Patrik and Zusin, Dmitriy and Gentry, Christian and Gopalakrishnan, Maithreyi and Kapteyn, Henry and Murnane, Margaret},
  doi={10.1103/PhysRevLett.117.133201},
  volume={117},
  number={13},
  journal={Phys Rev Lett}
}

@article{MancusoPRA2016,
  year={2016},
  issn={2469-9926},
  title={Controlling electron-ion rescattering in two-color circularly polarized femtosecond laser fields},
  file={C:\Users\lbarreau\Desktop\Lou\2 couleurs\Biblio 2 couleurs\PRA_Mancuso_2016_Controlling electron-ion rescattering in two-color circularly polarized femtosecond laser fields.pdf},
  author={Mancuso, Christopher and Hickstein, Daniel and Dorney, Kevin and Ellis, Jennifer and Hasović, Elvedin and Knut, Ronny and Grychtol, Patrik and Gentry, Christian and Gopalakrishnan, Maithreyi and Zusin, Dmitriy and Dollar, Franklin and Tong, {Xiao-Min} and Milošević, Dejan and Becker, Wilhelm and Kapteyn, Henry and Murnane, Margaret},
  doi={10.1103/PhysRevA.93.053406},
  volume={93},
  number={5},
  journal={Phys Rev A}
}

@article{MedisauskasPRL2015,
  year={2015},
  issn={0031-9007},
  title={Generating Isolated Elliptically Polarized Attosecond Pulses Using Bichromatic Counterrotating Circularly Polarized Laser Fields},
  file={C:\Users\lbarreau\Desktop\Lou\2 couleurs\Biblio 2 couleurs\PRL_Medisauskas_2015_Generating Isolated Elliptically Polarized Attosecond Pulses Using Bichromatic.pdf},
  author={Medi\v{s}auskas, Lukas and Wragg, Jack and Hart, Hugo and Ivanov, Misha},
  doi={10.1103/PhysRevLett.115.153001},
  pmid={26550719},
  volume={115},
  number={15},
  journal={Phys Rev Lett}
}

@article{MilosevicPRA2015,
  year={2015},
  issn={1050-2947},
  title={Circularly polarized high harmonics generated by a bicircular field from inert atomic gases in the p state: A tool for exploring chirality-sensitive processes},
  file={C:\Users\lbarreau\Desktop\Lou\2 couleurs\Biblio 2 couleurs\PRA_2015_Milosevic_Circularly polarized high harmonics generated by a bicircular field from inert atomic gases in the.pdf},
  author={Milo\v{s}evi\'{c}, {DB}},
  doi={10.1103/PhysRevA.92.043827},
  volume={92},
  number={4},
  journal={Physical Review A}
}

  	
@article{AyusoNJP2017,
  author={David Ayuso and Alvaro Jiménez-Galán and Felipe Morales and Misha Ivanov and Olga Smirnova},
  title={Attosecond control of spin polarization in electron–ion recollision driven by intense tailored fields},
  journal={New Journal of Physics},
  volume={19},
  number={7},
  pages={073007},
  url={http://stacks.iop.org/1367-2630/19/i=7/a=073007},
  year={2017},
  abstract={Tunnel ionization of noble gas atoms driven by a strong circularly polarized laser field in combination with a counter-rotating second harmonic generates spin-polarized electrons correlated to the spin-polarized ionic core. Crucially, such two-color field can bring the spin-polarized electrons back to the parent ion, enabling the scattering of the spin-polarized electron on the spin-polarized parent ion. Here we show how one can control the degree of spin polarization as a function of electron energy and recollision time by tuning the laser parameters, such as the relative intensities of the counter-rotating fields. The attosecond precision of the control over the degree of spin polarization opens the door for attosecond control and spectroscopy of spin-resolved dynamics.}
}

@article{JimenezGalanArXiv2017,
  title={Time-resolved high harmonic spectroscopy of dynamical symmetry breaking in bi-circular laser fields},
  author={Jim{\'e}nez-Gal{\'a}n, {\'A}lvaro and Zhavoronkov, Nickolai and Schloz, Marcel and Morales, Felipe and Ivanov, Misha},
  journal={arXiv preprint arXiv:1707.05590},
  year={2017}
}	

@article{VeyrinasPRA2013,
  title={Complete determination of the state of elliptically polarized light by electron-ion vector correlations},
  author={Veyrinas, K and Elkharrat, C and Poullain, S Marggi and Saquet, N and Dowek, D and Lucchese, RR and Garcia, GA and Nahon, L},
  journal={Physical Review A},
  volume={88},
  number={6},
  pages={063411},
  year={2013},
  publisher={APS}
}

@phdthesis{TheseVeyrinas,
  TITLE = {Photoémission dans le référentiel moléculaire : une sonde de la dynamique électronique et nucléaire et de l’état de polarisation du rayonnement ionisant },
  AUTHOR = {Veyrinas, Kevin},
  URL = {https://tel.archives-ouvertes.fr/tel-01236479},
  NUMBER = {2015PA112060},
  SCHOOL = {{Universit{\'e} Paris Sud - Paris XI}},
  YEAR = {2015},
  MONTH = Apr,
  KEYWORDS = {Autoionization ; Ultrafast dynamics ; Molecular polarimetry ; Circular dichroism ; 3D momentum spectroscopy ; Electron-ion coincidence ; Dissociative photoionization ; Autoionisation ; Dynamique ultrarapide ; MFPAD ; Photo{\'e}mission dans le r{\'e}f{\'e}rentiel mol{\'e}culaire ; Polarim{\'e}trie mol{\'e}culaire ; Dichro{\"i}sme circulaire ; Spectroscopie d'impulsions 3D ; Co{\"i}ncidence {\'e}lectron-ion ; Photoionisation dissociative},
  TYPE = {Theses},
  PDF = {https://tel.archives-ouvertes.fr/tel-01236479/file/VD2_VEYRINAS_KEVIN_30042015.pdf},
  HAL_ID = {tel-01236479},
  HAL_VERSION = {v1},
}

@article{FEITJCP1982,
title = "Solution of the Schrödinger equation by a spectral method",
journal = "Journal of Computational Physics",
volume = "47",
number = "3",
pages = "412 - 433",
year = "1982",
note = "",
issn = "0021-9991",
doi = "http://dx.doi.org/10.1016/0021-9991(82)90091-2",
url = "http://www.sciencedirect.com/science/article/pii/0021999182900912",
author = "M.D Feit and J.A Fleck and A Steiger"
}

@article{StrelkovPRA2012,
  title={High-order harmonic generation by atoms in an elliptically polarized laser field: Harmonic polarization properties and laser threshold ellipticity},
  author={Strelkov, VV and Khokhlova, MA and Gonoskov, AA and Gonoskov, IA and Ryabikin, M Yu},
  journal={Physical Review A},
  volume={86},
  number={1},
  pages={013404},
  year={2012},
  publisher={APS}
}

@article{SalieresPRL1995,
  title = {Coherence Control of High-Order Harmonics},
  author = {Sali\`eres, Pascal and L'Huillier, Anne and Lewenstein, Maciej},
  journal = {Phys. Rev. Lett.},
  volume = {74},
  issue = {19},
  pages = {3776--3779},
  numpages = {0},
  year = {1995},
  month = {May},
  publisher = {American Physical Society},
  doi = {10.1103/PhysRevLett.74.3776},
  url = {https://link.aps.org/doi/10.1103/PhysRevLett.74.3776}
}

@article{GaardePRA2002,
  title = {Quantum path distributions for high-order harmonics in rare gas atoms},
  author = {Gaarde, Mette B. and Schafer, Kenneth J.},
  journal = {Phys. Rev. A},
  volume = {65},
  issue = {3},
  pages = {031406},
  numpages = {4},
  year = {2002},
  month = {Mar},
  publisher = {American Physical Society},
  doi = {10.1103/PhysRevA.65.031406},
  url = {https://link.aps.org/doi/10.1103/PhysRevA.65.031406}
}

@article{BarthJPB2014,
  author={Barth, Ingo and Lein, Manfred},
  abstract={We verify the theory of nonadiabatic ionization of degenerate valence  orbitals in strong circularly polarized laser fields by numerically solving the two-dimensional time-dependent Schr{\"o}dinger equation for an effective one-electron potential of neon. The numerically calculated ionization ratios of the  and  orbitals agree well with the theoretical results (i.e., the counter-rotating electron tunnels more easily). However, for strong laser pulses and low laser frequencies, the adiabatic laser-dressed orbitals play an important role. In a Floquet treatment of a three-level model, we find that in this regime the ionization ratio of initial  and  orbitals depends strongly on the orbital energy order of valence s and  orbitals. We also show that the emission angles of valence  and  electrons are different and should be observable in attoclock experiments.},
  file={C:\Users\lbarreau\Desktop\Lou\2 couleurs\Biblio 2 couleurs\Barth_2014_J._Phys._B__At._Mol._Opt._Phys._47_204016.pdf},
  volume={47},
  doi={10.1088/0953-4075/47/20/204016},
  number={20},
  pages={204016},
  year={2014},
  journal={J Phys B Atomic Mol Opt Phys},
  title={Numerical verification of the theory of nonadiabatic tunnel ionization in strong circularly polarized laser fields},
  issn={0953-4075}
}

@article{KfirAPL2016,
author = {Ofer Kfir and Eliyahu Bordo and Gil Ilan Haham and Oren Lahav and Avner Fleischer and Oren Cohen},
title = {In-line production of a bi-circular field for generation of helically polarized high-order harmonics},
journal = {Applied Physics Letters},
volume = {108},
number = {21},
pages = {211106},
year = {2016},
doi = {10.1063/1.4952436},
URL = { 
        http://dx.doi.org/10.1063/1.4952436   
},
eprint = { 
        http://dx.doi.org/10.1063/1.4952436   
}
}

@article{ChenScienceAdvances2016,
  year={2016},
  issn={2375-2548},
  title={Tomographic reconstruction of circularly polarized high-harmonic fields: {3D} attosecond metrology},
  file={C:\Users\lbarreau\Desktop\Lou\2 couleurs\Biblio 2 couleurs\ScienceAdvances_Chen_2016_Tomographic reconstruction of circularly.pdf;C:\Users\lbarreau\Desktop\Lou\2 couleurs\Biblio 2 couleurs\ScienceAdvances_w2w_SM.pdf},
  author={Chen, Cong and Tao, Zhensheng and {Hern{\'a}ndez-Garc{\'i}a,} Carlos and Matyba, Piotr and Carr, Adra and Knut, Ronny and Kfir, Ofer and Zusin, Dimitry and Gentry, Christian and Grychtol, Patrik and Cohen, Oren and Plaja, Luis and Becker, Andreas and {Jaron-Becker,} Agnieszka and Kapteyn, Henry and Murnane, Margaret},
  doi={10.1126/sciadv.1501333},
  pmid={26989782},
  volume={2},
  number={2},
  pages={e1501333},
  journal={Science Advances}
}

@article{LebechJCP2003,
author = {M. Lebech and J. C. Houver and A. Lafosse and D. Dowek and C. Alcaraz and L. Nahon and R. R. Lucchese},
title = {Complete description of linear molecule photoionization achieved by vector correlations using the light of a single circular polarization},
journal = {The Journal of Chemical Physics},
volume = {118},
number = {21},
pages = {9653-9663},
year = {2003},
doi = {10.1063/1.1570402},
URL = {http://dx.doi.org/10.1063/1.1570402},
eprint = {http://dx.doi.org/10.1063/1.1570402}
}

@incollection{DowekBook2012,
  title={Photoionization Dynamics: photoemission in the molecular frame of small molecules ionized by linearly and elliptically polarized light},
  booktitle={Dynamical Processes in Atomic and Molecular Physics},
  author={Dowek, Danielle and Lucchese, Robert},
  year={2012},
  pages={57-95},
  publisher={Bentham Science Publishers}
}

@article{LafossePRL2000,
  title = {Vector Correlations in Dissociative Photoionization of Diatomic Molecules in the VUV Range: Strong Anisotropies in Electron Emission from Spatially Oriented NO Molecules},
  author = {Lafosse, A. and Lebech, M. and Brenot, J. C. and Guyon, P. M. and Jagutzki, O. and Spielberger, L. and Vervloet, M. and Houver, J. C. and Dowek, D.},
  journal = {Phys. Rev. Lett.},
  volume = {84},
  issue = {26},
  pages = {5987--5990},
  numpages = {0},
  year = {2000},
  month = {Jun},
  publisher = {American Physical Society},
  doi = {10.1103/PhysRevLett.84.5987},
  url = {https://link.aps.org/doi/10.1103/PhysRevLett.84.5987}
}



@article{LafosseJCP2002,
author = {A. Lafosse and J. C. Brenot and P. M. Guyon and J. C. Houver and A. V. Golovin and M. Lebech and D. Dowek and P. Lin and R. R. Lucchese},
title = {Vector correlations in dissociative photoionization of O2 in the 20–28 eV range. II. Polar and azimuthal dependence of the molecular frame photoelectron angular distribution},
journal = {The Journal of Chemical Physics},
volume = {117},
number = {18},
pages = {8368-8384},
year = {2002},
doi = {10.1063/1.1512650},

URL = {        http://dx.doi.org/10.1063/1.1512650  },
eprint = {        http://dx.doi.org/10.1063/1.1512650 }
}

@article{LucchesePRA2002,
  title = {Polar and azimuthal dependence of the molecular frame photoelectron angular distributions of spatially oriented linear molecules},
  author = {Lucchese, R. R. and Lafosse, A. and Brenot, J. C. and Guyon, P. M. and Houver, J. C. and Lebech, M. and Raseev, G. and Dowek, D.},
  journal = {Phys. Rev. A},
  volume = {65},
  issue = {2},
  pages = {020702},
  numpages = {4},
  year = {2002},
  month = {Jan},
  publisher = {American Physical Society},
  doi = {10.1103/PhysRevA.65.020702},
  url = {https://link.aps.org/doi/10.1103/PhysRevA.65.020702}
}

@article{NahonJSR2012,
author = "Nahon, Laurent and de Oliveira, Nelson and Garcia, Gustavo A. and Gil, Jean-Fran{\c{c}}ois and Pilette, Bertrand and Marcouill{\'{e}}, Olivier and Lagarde, Bruno and Polack, Fran{\c{c}}ois",
title = "{DESIRS: a state-of-the-art VUV beamline featuring high resolution and variable polarization for spectroscopy and dichroism at SOLEIL}",
journal = "Journal of Synchrotron Radiation",
year = "2012",
volume = "19",
number = "4",
pages = "508--520",
month = "Jul",
doi = {10.1107/S0909049512010588},
url = {https://doi.org/10.1107/S0909049512010588},
keywords = {VUV beamline, variable-polarization undulator, high-resolution spectroscopy, circular dichroism, polarimetry},
}
